<record><leader>00000cas a22000007a 4500</leader><controlfield tag="001">12099793</controlfield><controlfield tag="008">850531d185u18uualuwr ne      0    0eng d</controlfield><datafield ind1=" " ind2=" " tag="010"><subfield code="a">sn 85044627 </subfield></datafield><datafield ind1=" " ind2=" " tag="040"><subfield code="a">CPN</subfield><subfield code="b">eng</subfield><subfield code="c">CPN</subfield><subfield code="d">OCLCQ</subfield><subfield code="d">UKMGB</subfield></datafield><datafield ind1="7" ind2=" " tag="016"><subfield code="a">013916722</subfield><subfield code="2">Uk</subfield></datafield><datafield ind1=" " ind2=" " tag="042"><subfield code="a">msc</subfield></datafield><datafield ind1="0" ind2=" " tag="130"><subfield code="a">State rights democrat (Elba, Ala.)</subfield></datafield><datafield ind1="1" ind2="4" tag="245"><subfield code="a">The State rights democrat.</subfield></datafield><datafield ind1=" " ind2=" " tag="260"><subfield code="a">Elba, Ala. :</subfield><subfield code="b">G.T. Velverton</subfield></datafield><datafield ind1=" " ind2=" " tag="300"><subfield code="a">v. ;</subfield><subfield code="c">58 cm.</subfield></datafield><datafield ind1=" " ind2=" " tag="500"><subfield code="a">"State rights and state remedies, the rock of our political salvation."</subfield></datafield><datafield ind1=" " ind2=" " tag="588"><subfield code="a">Description based on: Vol. 2, no. 19 (July 12, 1856).</subfield></datafield><datafield ind1=" " ind2=" " tag="752"><subfield code="a">United States</subfield><subfield code="b">Alabama</subfield><subfield code="c">Coffee</subfield><subfield code="d">Elba.</subfield></datafield></record>